<record xmlns="http://www.loc.gov/MARC21/slim" xmlns:xsi="http://www.w3.org/2001/XMLSchema-instance" xsi:schemaLocation="http://www.loc.gov/MARC21/slim http://www.loc.gov/standards/marcxml/schema/MARC21slim.xsd"><leader>     nam a22        4500</leader><controlfield tag="001">3235682</controlfield><controlfield tag="003">NNC</controlfield><controlfield tag="006">m        d        </controlfield><controlfield tag="007">cr cn |||m|||a</controlfield><controlfield tag="008">150316s1883    tu      o     000 0 araod</controlfield><datafield ind1=" " ind2=" " tag="040"><subfield code="a">NNU</subfield><subfield code="b">eng</subfield><subfield code="e">rda</subfield><subfield code="c">NNU</subfield></datafield><datafield ind1=" " ind2="4" tag="050"><subfield code="a">PJ7541</subfield><subfield code="b">.M32 1883</subfield></datafield><datafield ind1="0" ind2="0" tag="245"><subfield code="a">Kita&#772;b Majmu&#772;&#699;at al-ma&#699;a&#772;ni&#772; :</subfield><subfield code="b">ha&#772;dha&#772; al-kita&#772;b al-badi&#772;&#699; wa-al-mu&#700;allif al-sani&#772;&#699; lam yudhkar fi&#772;h ism mu&#700;allifih ...</subfield></datafield><datafield ind1="3" ind2="0" tag="246"><subfield code="a">Majmu&#772;&#699;at al-ma&#699;a&#772;ni&#772;</subfield></datafield><datafield ind1=" " ind2=" " tag="250"><subfield code="a">al-T&#803;ab&#699;ah 1.</subfield></datafield><datafield ind1=" " ind2=" " tag="260"><subfield code="a">Qust&#803;anti&#772;ni&#772;yah :</subfield><subfield code="b">Mat&#803;ba&#699;at al-Jawa&#772;&#700;ib,</subfield><subfield code="c">1301 [1883 or 1884]</subfield></datafield><datafield ind1=" " ind2=" " tag="300"><subfield code="a">online resource (221, 6 pages)</subfield></datafield><datafield ind1=" " ind2=" " tag="336"><subfield code="a">text</subfield><subfield code="2">rdacontent</subfield></datafield><datafield ind1=" " ind2=" " tag="337"><subfield code="a">computer</subfield><subfield code="2">rdamedia</subfield></datafield><datafield ind1=" " ind2=" " tag="338"><subfield code="a">online resource</subfield><subfield code="2">rdacarrier</subfield></datafield><datafield ind1=" " ind2=" " tag="500"><subfield code="a">Part of the Arabic Collections Online (ACO) project, contributed by Columbia University Libraries.</subfield></datafield><datafield ind1=" " ind2=" " tag="533"><subfield code="a">Electronic reproduction.</subfield><subfield code="b">New York, N.Y. :</subfield><subfield code="c">New York University,</subfield><subfield code="d">2015.</subfield><subfield code="5">NNU</subfield></datafield><datafield ind1=" " ind2="0" tag="650"><subfield code="a">Arabic poetry.</subfield></datafield><datafield ind1=" " ind2="7" tag="650"><subfield code="a">Arabic poetry.</subfield><subfield code="2">fast</subfield><subfield code="0">(OCoLC)fst00812533</subfield></datafield><datafield ind1="2" ind2=" " tag="710"><subfield code="a">Columbia University.</subfield><subfield code="b">Libraries.</subfield></datafield><datafield ind1="0" ind2=" " tag="730"><subfield code="a">Arabic Collections Online.</subfield></datafield><datafield ind1="0" ind2="8" tag="776"><subfield code="i">Online version:</subfield><subfield code="t">Kita&#772;b Majmu&#772;&#699;at al-ma&#699;a&#772;ni&#772;.</subfield><subfield code="b">al-T&#803;ab&#699;ah 1.</subfield><subfield code="d">Qust&#803;anti&#772;ni&#772;yah : Mat&#803;ba&#699;at al-Jawa&#772;&#700;ib, 1301 [1883 or 1884]</subfield><subfield code="w">(OCoLC)820689650</subfield></datafield><datafield ind1="0" ind2="8" tag="776"><subfield code="i">Print version:</subfield><subfield code="t">Kita&#772;b Majmu&#772;&#699;at al-ma&#699;a&#772;ni&#772;</subfield><subfield code="w">(NNC)3235682</subfield><subfield code="w">(OCoLC)11512641</subfield></datafield><datafield ind1="4" ind2="0" tag="856"><subfield code="u">http://hdl.handle.net/2333.1/4mw6mc86</subfield></datafield><datafield ind1=" " ind2=" " tag="959"><subfield code="a">NNU</subfield><subfield code="b">WEB</subfield><subfield code="c">GENI</subfield><subfield code="t">0</subfield><subfield code="m">Electronic access</subfield><subfield code="s">01</subfield></datafield><datafield ind1=" " ind2=" " tag="999"><subfield code="i">NNC_3235682</subfield><subfield code="o">(OCoLC)ocm11512641 </subfield><subfield code="s">columbia_aco000242</subfield><subfield code="e">(ERROR-880)</subfield></datafield></record>